@book{hofbauer_evolutionary_1998,
	title = {Evolutionary games and population dynamics},
	url = {https://books.google.de/books?hl=de&lr=&id=Xu-H0ClCHN8C&oi=fnd&pg=PR5&dq=Hofbauer+sigmund&ots=EU1DlktTan&sig=YGA89lqV_flKa_TCfxa2r8axdyY},
	publisher = {Cambridge university press},
	author = {Hofbauer, Josef and Sigmund, Karl},
	urldate = {2017-03-23},
	date = {1998},
	file = {[PDF] univie.ac.at:/home/dphilmai/.mozilla/firefox/aysjcg8f.default/zotero/storage/8JX977A2/Hofbauer und Sigmund - 1998 - Evolutionary games and population dynamics.pdf:application/pdf;Snapshot:/home/dphilmai/.mozilla/firefox/aysjcg8f.default/zotero/storage/TIPXWU9T/books.html:text/html}
}

@article{nash_equilibrium_1950,
	title = {Equilibrium points in n-person games},
	volume = {36},
	url = {http://www.calpoly.edu/~aamendes/GTweb/Nash.pdf},
	pages = {48--49},
	number = {1},
	journaltitle = {Proceedings of the national academy of sciences},
	author = {Nash, John F. and {others}},
	urldate = {2017-04-24},
	date = {1950},
	file = {[PDF] calpoly.edu:/home/dphilmai/.mozilla/firefox/aysjcg8f.default/zotero/storage/KN52H35W/Nash and others - 1950 - Equilibrium points in n-person games.pdf:application/pdf}
}

@article{selten_evolution_1991,
	title = {Evolution, learning, and economic behavior},
	volume = {3},
	url = {http://www.sciencedirect.com/science/article/pii/089982569190003W},
	pages = {3--24},
	number = {1},
	journaltitle = {Games and Economic Behavior},
	author = {Selten, Reinhard},
	urldate = {2017-03-23},
	date = {1991},
	file = {[PDF] psu.edu:/home/dphilmai/.mozilla/firefox/aysjcg8f.default/zotero/storage/572Q8ZUW/Selten - 1991 - Evolution, learning, and economic behavior.pdf:application/pdf;Snapshot:/home/dphilmai/.mozilla/firefox/aysjcg8f.default/zotero/storage/HGNG7JW5/089982569190003W.html:text/html}
}

@book{sandholm_population_2010,
	title = {Population games and evolutionary dynamics},
	url = {https://books.google.de/books?hl=de&lr=&id=pZH6AQAAQBAJ&oi=fnd&pg=PP1&dq=sandholm+population+games&ots=SBtbizGWia&sig=RS_AaRJV1dIeiCGSArJMhLamTqY},
	publisher = {{MIT} press},
	author = {Sandholm, William H.},
	urldate = {2017-03-23},
	date = {2010},
	file = {[PDF] wisc.edu:/home/dphilmai/.mozilla/firefox/aysjcg8f.default/zotero/storage/A5XJTFC2/Sandholm - 2010 - Population games and evolutionary dynamics.pdf:application/pdf;Snapshot:/home/dphilmai/.mozilla/firefox/aysjcg8f.default/zotero/storage/3ST3DU5G/books.html:text/html}
}

@article{mailath_people_1998,
	title = {Do people play Nash equilibrium? Lessons from evolutionary game theory},
	volume = {36},
	url = {http://www.jstor.org/stable/2564802},
	shorttitle = {Do people play Nash equilibrium?},
	pages = {1347--1374},
	number = {3},
	journaltitle = {Journal of Economic Literature},
	author = {Mailath, George J.},
	urldate = {2017-03-23},
	date = {1998},
	file = {Snapshot:/home/dphilmai/.mozilla/firefox/aysjcg8f.default/zotero/storage/RV4HKRTG/2564802.html:text/html}
}

@article{kandori_evolution_1995,
	title = {Evolution of equilibria in the long run: A general theory and applications},
	volume = {65},
	url = {http://www.sciencedirect.com/science/article/pii/S0022053185710149},
	shorttitle = {Evolution of equilibria in the long run},
	pages = {383--414},
	number = {2},
	journaltitle = {Journal of Economic Theory},
	author = {Kandori, Michihiro and Rob, Rafael},
	urldate = {2017-04-30},
	date = {1995},
	file = {[PDF] core.ac.uk:/home/dphilmai/.mozilla/firefox/aysjcg8f.default/zotero/storage/96EXGSQ8/Kandori and Rob - 1995 - Evolution of equilibria in the long run A general.pdf:application/pdf;Snapshot:/home/dphilmai/.mozilla/firefox/aysjcg8f.default/zotero/storage/Q38JJ8DA/S0022053185710149.html:text/html}
}

@article{van_damme_evolutionary_1994,
	title = {Evolutionary game theory},
	volume = {38},
	url = {http://www.sciencedirect.com/science/article/pii/001429219490121X},
	pages = {847--858},
	number = {3},
	journaltitle = {European Economic Review},
	author = {Van Damme, Eric},
	urldate = {2017-04-30},
	date = {1994},
	file = {[PDF] uvt.nl:/home/dphilmai/.mozilla/firefox/aysjcg8f.default/zotero/storage/X3N9MRMK/Van Damme - 1994 - Evolutionary game theory.pdf:application/pdf;Snapshot:/home/dphilmai/.mozilla/firefox/aysjcg8f.default/zotero/storage/8A83AWA9/001429219490121X.html:text/html}
}

@article{schlag_why_1998,
	title = {Why imitate, and if so, how?: A boundedly rational approach to multi-armed bandits},
	volume = {78},
	url = {http://www.sciencedirect.com/science/article/pii/S0022053197923474},
	shorttitle = {Why imitate, and if so, how?},
	pages = {130--156},
	number = {1},
	journaltitle = {Journal of economic theory},
	author = {Schlag, Karl H.},
	urldate = {2017-04-30},
	date = {1998},
	file = {[PDF] researchgate.net:/home/dphilmai/.mozilla/firefox/aysjcg8f.default/zotero/storage/6ER4X8UR/Schlag - 1998 - Why imitate, and if so, how A boundedly rational.pdf:application/pdf;Snapshot:/home/dphilmai/.mozilla/firefox/aysjcg8f.default/zotero/storage/3FB292X5/S0022053197923474.html:text/html}
}

@article{ellison_learning_1997,
	title = {Learning from personal experience: One rational guy and the justification of myopia},
	volume = {19},
	url = {http://www.sciencedirect.com/science/article/pii/S0899825697905558},
	shorttitle = {Learning from personal experience},
	pages = {180--210},
	number = {2},
	journaltitle = {Games and Economic Behavior},
	author = {Ellison, Glenn},
	urldate = {2017-04-30},
	date = {1997},
	file = {[PDF] psu.edu:/home/dphilmai/.mozilla/firefox/aysjcg8f.default/zotero/storage/C5ZK79WF/Ellison - 1997 - Learning from personal experience One rational gu.pdf:application/pdf;Snapshot:/home/dphilmai/.mozilla/firefox/aysjcg8f.default/zotero/storage/W9Q8W4FD/S0899825697905558.html:text/html}
}

@article{matsui_cheap-talk_1991,
	title = {Cheap-talk and cooperation in a society},
	volume = {54},
	url = {http://www.sciencedirect.com/science/article/pii/002205319190122K},
	pages = {245--258},
	number = {2},
	journaltitle = {Journal of Economic Theory},
	author = {Matsui, Akihiko},
	urldate = {2017-04-30},
	date = {1991},
	file = {[PDF] northwestern.edu:/home/dphilmai/.mozilla/firefox/aysjcg8f.default/zotero/storage/BF2PED83/Matsui - 1991 - Cheap-talk and cooperation in a society.pdf:application/pdf;Snapshot:/home/dphilmai/.mozilla/firefox/aysjcg8f.default/zotero/storage/XUMA6K9X/002205319190122K.html:text/html}
}

@inreference{_risk_2017,
	title = {Risk dominance},
	rights = {Creative Commons Attribution-{ShareAlike} License},
	url = {https://en.wikipedia.org/w/index.php?title=Risk_dominance&oldid=774080910},
	abstract = {Risk dominance and payoff dominance are two related refinements of the Nash equilibrium ({NE}) solution concept in game theory, defined by John Harsanyi and Reinhard Selten. A Nash equilibrium is considered payoff dominant if it is Pareto superior to all other Nash equilibria in the game.1 When faced with a choice among equilibria, all players would agree on the payoff dominant equilibrium since it offers to each player at least as much payoff as the other Nash equilibria. Conversely, a Nash equilibrium is considered risk dominant if it has the largest basin of attraction (i.e. is less risky). This implies that the more uncertainty players have about the actions of the other player(s), the more likely they will choose the strategy corresponding to it.
The payoff matrix in Figure 1 provides a simple two-player, two-strategy example of a game with two pure Nash equilibria. The strategy pair (Hunt, Hunt) is payoff dominant since payoffs are higher for both players compared to the other pure {NE}, (Gather, Gather). On the other hand, (Gather, Gather) risk dominates (Hunt, Hunt) since if uncertainty exists about the other player's action, gathering will provide a higher expected payoff. The game in Figure 1 is a well-known game-theoretic dilemma called stag hunt. The rationale behind it is that communal action (hunting) yields a higher return if all players combine their skills, but if it is unknown whether the other player helps in hunting, gathering might turn out to be the better individual strategy for food provision, since it does not depend on coordinating with the other player. In addition, gathering alone is preferred to gathering in competition with others. Like the Prisoner's dilemma, it provides a reason why collective action might fail in the absence of credible commitments.},
	booktitle = {Wikipedia},
	urldate = {2017-04-30},
	date = {2017-04-06},
	langid = {english},
	note = {Page Version {ID}: 774080910},
	file = {Snapshot:/home/dphilmai/.mozilla/firefox/aysjcg8f.default/zotero/storage/C7Q3S5AV/index.html:text/html}
}

@book{weibull_evolutionary_1997,
	title = {Evolutionary game theory},
	url = {https://books.google.de/books?hl=de&lr=&id=m98ed0_Na1sC&oi=fnd&pg=PR9&dq=weibull&ots=iYM18BJrV4&sig=Z_25bdFrn0TT8_ctJJHHZ1Uimn4},
	publisher = {{MIT} press},
	author = {Weibull, JÃ¶rgen W.},
	urldate = {2017-05-01},
	date = {1997},
	file = {[HTML] surrey.ac.uk:/home/dphilmai/.mozilla/firefox/aysjcg8f.default/zotero/storage/Q9U24VHV/review3.html:text/html;Snapshot:/home/dphilmai/.mozilla/firefox/aysjcg8f.default/zotero/storage/MG8XIH6Q/books.html:text/html}
}

@article{rubinstein_comments_1991,
	title = {Comments on the interpretation of game theory},
	url = {http://www.jstor.org/stable/2938166},
	pages = {909--924},
	journaltitle = {Econometrica: Journal of the Econometric Society},
	author = {Rubinstein, Ariel},
	urldate = {2017-05-02},
	date = {1991}
}

@article{nash_equilibrium_1950-1,
	title = {Equilibrium points in n-person games},
	volume = {36},
	url = {http://www.calpoly.edu/~aamendes/GTweb/Nash.pdf},
	pages = {48--49},
	number = {1},
	journaltitle = {Proceedings of the national academy of sciences},
	author = {Nash, John F. and {others}},
	urldate = {2017-05-03},
	date = {1950},
	file = {[PDF] calpoly.edu:/home/dphilmai/.mozilla/firefox/aysjcg8f.default/zotero/storage/CP986K83/Nash and others - 1950 - Equilibrium points in n-person games.pdf:application/pdf}
}

@article{smith_lhe_1973,
	title = {Lhe logic of animal conflict},
	volume = {246},
	url = {http://pi.unl.edu/~bdeng1/Teaching/math439/readingarticles/Mayn73.pdf},
	pages = {15},
	journaltitle = {Nature},
	author = {Smith, J. Maynard and Price, G. R.},
	urldate = {2017-05-02},
	date = {1973},
	file = {[PDF] unl.edu:/home/dphilmai/.mozilla/firefox/aysjcg8f.default/zotero/storage/MVZI8U9H/Smith and Price - 1973 - Lhe logic of animal conflict.pdf:application/pdf}
}

@article{hartman_lemma_1960,
	title = {A lemma in the theory of structural stability of differential equations},
	volume = {11},
	url = {http://www.jstor.org/stable/2034720},
	pages = {610--620},
	number = {4},
	journaltitle = {Proceedings of the American Mathematical Society},
	author = {Hartman, Philip},
	urldate = {2017-05-02},
	date = {1960},
	file = {[PDF] ams.org:/home/dphilmai/.mozilla/firefox/aysjcg8f.default/zotero/storage/2CTQZQDU/Hartman - 1960 - A lemma in the theory of structural stability of d.pdf:application/pdf;Snapshot:/home/dphilmai/.mozilla/firefox/aysjcg8f.default/zotero/storage/RZQXZN48/2034720.html:text/html}
}

@article{smith_theory_1974,
	title = {The theory of games and the evolution of animal conflicts},
	volume = {47},
	url = {http://www.sciencedirect.com/science/article/pii/0022519374901106},
	pages = {209--221},
	number = {1},
	journaltitle = {Journal of theoretical biology},
	author = {Smith, J. Maynard},
	urldate = {2017-05-02},
	date = {1974},
	file = {[PDF] joelvelasco.net:/home/dphilmai/.mozilla/firefox/aysjcg8f.default/zotero/storage/5VI9FASF/Smith - 1974 - The theory of games and the evolution of animal co.pdf:application/pdf;Snapshot:/home/dphilmai/.mozilla/firefox/aysjcg8f.default/zotero/storage/438JE2VN/0022519374901106.html:text/html}
}

@article{grobman_homeomorphism_1959,
	title = {Homeomorphism of systems of differential equations},
	volume = {128},
	pages = {880--881},
	number = {5},
	journaltitle = {Doklady Akademii Nauk {SSSR}},
	author = {Grobman, David M.},
	date = {1959}
}

@article{rankin_strategic_2000,
	title = {Strategic similarity and emergent conventions: Evidence from similar stag hunt games},
	volume = {32},
	url = {http://www.sciencedirect.com/science/article/pii/S089982569990711X},
	shorttitle = {Strategic similarity and emergent conventions},
	pages = {315--337},
	number = {2},
	journaltitle = {Games and Economic Behavior},
	author = {Rankin, Frederick W. and Van Huyck, John B. and Battalio, Raymond C.},
	urldate = {2017-05-09},
	date = {2000},
	file = {[PDF] piotr-evdokimov.com:/home/dphilmai/.mozilla/firefox/aysjcg8f.default/zotero/storage/9C7HF3F3/Rankin et al. - 2000 - Strategic similarity and emergent conventions Evi.pdf:application/pdf;Snapshot:/home/dphilmai/.mozilla/firefox/aysjcg8f.default/zotero/storage/4HQDGFSS/S089982569990711X.html:text/html}
}

@online{_ubuntu_????,
	title = {Ubuntu Start Page},
	url = {about:startpage},
	urldate = {2017-05-10},
	file = {Ubuntu Start Page:/home/dphilmai/.mozilla/firefox/aysjcg8f.default/zotero/storage/WQ64D6TD/startpage.html:text/html}
}

@article{dubois_optimization_2012,
	title = {Optimization incentive and relative riskiness in experimental stag-hunt games},
	volume = {41},
	url = {http://www.springerlink.com/index/A498777616J2316U.pdf},
	pages = {369--380},
	number = {2},
	journaltitle = {International Journal of Game Theory},
	author = {Dubois, Dimitri and Willinger, Marc and Van Nguyen, Phu},
	urldate = {2017-05-10},
	date = {2012},
	file = {Snapshot:/home/dphilmai/.mozilla/firefox/aysjcg8f.default/zotero/storage/5NGI93NT/10.html:text/html}
}

@article{devetag_when_2007,
	title = {When and why? A critical survey on coordination failure in the laboratory},
	volume = {10},
	url = {http://www.springerlink.com/index/l01j52151x56443r.pdf},
	shorttitle = {When and why?},
	pages = {331--344},
	number = {3},
	journaltitle = {Experimental economics},
	author = {Devetag, Giovanna and Ortmann, Andreas},
	urldate = {2017-05-10},
	date = {2007},
	file = {[PDF] unitn.it:/home/dphilmai/.mozilla/firefox/aysjcg8f.default/zotero/storage/2WGSD7NZ/Devetag and Ortmann - 2007 - When and why A critical survey on coordination fa.pdf:application/pdf;Snapshot:/home/dphilmai/.mozilla/firefox/aysjcg8f.default/zotero/storage/SCNCQKQ6/10.html:text/html}
}

@article{clark_repetition_2001,
	title = {Repetition and signalling: experimental evidence from games with efficient equilibria},
	volume = {70},
	url = {http://www.sciencedirect.com/science/article/pii/S0165176500003815},
	shorttitle = {Repetition and signalling},
	pages = {357--362},
	number = {3},
	journaltitle = {Economics Letters},
	author = {Clark, Kenneth and Sefton, Martin},
	urldate = {2017-05-09},
	date = {2001},
	file = {Snapshot:/home/dphilmai/.mozilla/firefox/aysjcg8f.default/zotero/storage/5KGHFHUK/S0165176500003815.html:text/html}
}

@article{clark_when_2001,
	title = {When are Nash equilibria self-enforcing? An experimental analysis},
	volume = {29},
	url = {http://link.springer.com/article/10.1007/s001820000054},
	shorttitle = {When are Nash equilibria self-enforcing?},
	pages = {495--515},
	number = {4},
	journaltitle = {International Journal of Game Theory},
	author = {Clark, Kenneth and Kay, Stephen and Sefton, Martin},
	urldate = {2017-05-09},
	date = {2001},
	file = {[PDF] researchgate.net:/home/dphilmai/.mozilla/firefox/aysjcg8f.default/zotero/storage/V845ZC9V/Clark et al. - 2001 - When are Nash equilibria self-enforcing An experi.pdf:application/pdf;Snapshot:/home/dphilmai/.mozilla/firefox/aysjcg8f.default/zotero/storage/F8GWZU8K/s001820000054.html:text/html}
}

@article{cooper_selection_1990,
	title = {Selection criteria in coordination games: Some experimental results},
	volume = {80},
	url = {http://www.jstor.org/stable/2006744},
	shorttitle = {Selection criteria in coordination games},
	pages = {218--233},
	number = {1},
	journaltitle = {The American Economic Review},
	author = {Cooper, Russell W. and {DeJong}, Douglas V. and Forsythe, Robert and Ross, Thomas W.},
	urldate = {2017-05-09},
	date = {1990},
	file = {[PDF] researchgate.net:/home/dphilmai/.mozilla/firefox/aysjcg8f.default/zotero/storage/8DWA8HT7/Cooper et al. - 1990 - Selection criteria in coordination games Some exp.pdf:application/pdf;Snapshot:/home/dphilmai/.mozilla/firefox/aysjcg8f.default/zotero/storage/MFB8JNDF/2006744.html:text/html}
}

@article{battalio_optimization_2001,
	title = {Optimization incentives and coordination failure in laboratory stag hunt games},
	volume = {69},
	url = {http://onlinelibrary.wiley.com/doi/10.1111/1468-0262.00212/full},
	pages = {749--764},
	number = {3},
	journaltitle = {Econometrica},
	author = {Battalio, Raymond and Samuelson, Larry and Van Huyck, John},
	urldate = {2017-05-09},
	date = {2001},
	file = {[PDF] upenn.edu:/home/dphilmai/.mozilla/firefox/aysjcg8f.default/zotero/storage/956C5IIM/Battalio et al. - 2001 - Optimization incentives and coordination failure i.pdf:application/pdf;Snapshot:/home/dphilmai/.mozilla/firefox/aysjcg8f.default/zotero/storage/W966Q6GQ/full.html:text/html}
}

@report{dubois_optimization_2008_working,
	title = {Optimization incentive and relative riskiness in experimental coordination games},
	url = {http://core.ac.uk/download/pdf/6427836.pdf},
	author = {Dubois, Dimitri and Willinger, Marc and Nguyen, P. Van}, 
	urldate = {2017-05-10},
	date = {2008},
	file = {[PDF] core.ac.uk:/home/dphilmai/.mozilla/firefox/aysjcg8f.default/zotero/storage/WS9C2BQX/Dubois et al. - 2008 - Optimization incentive and relative riskiness in e.pdf:application/pdf}
}

@article{schmidt_playing_2003,
	title = {Playing safe in coordination games:: the roles of risk dominance, payoff dominance, and history of play},
	volume = {42},
	url = {http://www.sciencedirect.com/science/article/pii/S0899825602005523},
	shorttitle = {Playing safe in coordination games},
	pages = {281--299},
	number = {2},
	journaltitle = {Games and Economic Behavior},
	author = {Schmidt, David and Shupp, Robert and Walker, James M. and Ostrom, Elinor},
	urldate = {2017-05-09},
	date = {2003},
	file = {[PDF] semanticscholar.org:/home/dphilmai/.mozilla/firefox/aysjcg8f.default/zotero/storage/U7BTKRRM/Schmidt et al. - 2003 - Playing safe in coordination games the roles of .pdf:application/pdf;Snapshot:/home/dphilmai/.mozilla/firefox/aysjcg8f.default/zotero/storage/XNFRWM7N/S0899825602005523.html:text/html}
}

@article{cooper_communication_1992,
	title = {Communication in coordination games},
	volume = {107},
	url = {http://qje.oxfordjournals.org/content/107/2/739.short},
	pages = {739--771},
	number = {2},
	journaltitle = {The Quarterly Journal of Economics},
	author = {Cooper, Russell and {DeJong}, Douglas V. and Forsythe, Robert and Ross, Thomas W.},
	urldate = {2017-05-09},
	date = {1992},
	file = {[PDF] ucsd.edu:/home/dphilmai/.mozilla/firefox/aysjcg8f.default/zotero/storage/28KPX87C/Cooper et al. - 1992 - Communication in coordination games.pdf:application/pdf;Snapshot:/home/dphilmai/.mozilla/firefox/aysjcg8f.default/zotero/storage/7Z6KD5ZS/Communication-in-Coordination-Games.html:text/html}
}

@article{van_huyck_tacit_1990,
	title = {Tacit coordination games, strategic uncertainty, and coordination failure},
	volume = {80},
	url = {http://www.jstor.org/stable/2006745},
	pages = {234--248},
	number = {1},
	journaltitle = {The American Economic Review},
	author = {Van Huyck, John B. and Battalio, Raymond C. and Beil, Richard O.},
	urldate = {2017-05-11},
	date = {1990}
}

@article{van_huyck_strategic_1991,
	title = {Strategic uncertainty, equilibrium selection, and coordination failure in average opinion games},
	volume = {106},
	url = {http://qje.oxfordjournals.org/content/106/3/885.short},
	pages = {885--910},
	number = {3},
	journaltitle = {The Quarterly Journal of Economics},
	author = {Van Huyck, John B. and Battalio, Raymond C. and Beil, Richard O.},
	urldate = {2017-05-11},
	date = {1991},
	file = {Snapshot:/home/dphilmai/.mozilla/firefox/aysjcg8f.default/zotero/storage/XBS8HSZ5/Strategic-Uncertainty-Equilibrium-Selection-and.html:text/html}
}

@article{crawford_evolutionary_1991,
	title = {An âevolutionaryâ interpretation of Van Huyck, Battalio, and Beil's experimental results on coordination},
	volume = {3},
	url = {http://www.sciencedirect.com/science/article/pii/089982569190004X},
	pages = {25--59},
	number = {1},
	journaltitle = {Games and Economic behavior},
	author = {Crawford, Vincent P.},
	urldate = {2017-05-11},
	date = {1991},
	file = {[PDF] psu.edu:/home/dphilmai/.mozilla/firefox/aysjcg8f.default/zotero/storage/PDFG95QJ/Crawford - 1991 - An âevolutionaryâ interpretation of Van Huyck, Bat.pdf:application/pdf;Snapshot:/home/dphilmai/.mozilla/firefox/aysjcg8f.default/zotero/storage/HGTAXN8C/089982569190004X.html:text/html}
}

@article{hagen_game_2006,
	title = {Game theory and human evolution: A critique of some recent interpretations of experimental games},
	volume = {69},
	url = {http://www.sciencedirect.com/science/article/pii/S0040580905001668},
	shorttitle = {Game theory and human evolution},
	pages = {339--348},
	number = {3},
	journaltitle = {Theoretical population biology},
	author = {Hagen, Edward H. and Hammerstein, Peter},
	urldate = {2017-05-11},
	date = {2006},
	file = {[PDF] wsu.edu:/home/dphilmai/.mozilla/firefox/aysjcg8f.default/zotero/storage/2N9T3BIW/Hagen and Hammerstein - 2006 - Game theory and human evolution A critique of som.pdf:application/pdf;Snapshot:/home/dphilmai/.mozilla/firefox/aysjcg8f.default/zotero/storage/E5X85F75/S0040580905001668.html:text/html}
}

@online{_fedora_????,
	title = {Fedora Project - Start Page},
	url = {https://start.fedoraproject.org/},
	urldate = {2017-05-12},
	file = {Fedora Project - Start Page:/home/dphilmai/.mozilla/firefox/aysjcg8f.default/zotero/storage/BPGCSRHH/start.fedoraproject.org.html:text/html}
}

@article{cooper_communication_1992-1,
	title = {Communication in coordination games},
	volume = {107},
	url = {http://qje.oxfordjournals.org/content/107/2/739.short},
	pages = {739--771},
	number = {2},
	journaltitle = {The Quarterly Journal of Economics},
	author = {Cooper, Russell and {DeJong}, Douglas V. and Forsythe, Robert and Ross, Thomas W.},
	urldate = {2017-05-15},
	date = {1992},
	file = {[PDF] ucsd.edu:/home/dphilmai/.mozilla/firefox/aysjcg8f.default/zotero/storage/A42FTA3N/Cooper et al. - 1992 - Communication in coordination games.pdf:application/pdf;Snapshot:/home/dphilmai/.mozilla/firefox/aysjcg8f.default/zotero/storage/UZ73P23H/Communication-in-Coordination-Games.html:text/html}
}

@article{straub_risk_1995,
	title = {Risk dominance and coordination failures in static games},
	volume = {35},
	issn = {1062-9769},
	url = {http://www.sciencedirect.com/science/article/pii/1062976995900489},
	doi = {10.1016/1062-9769(95)90048-9},
	abstract = {This article presents: (1) arguments comparing the use of Harsanyi and Selten's risk dominance (a measure of the âriskâ associated with choosing an action which supports an equilibrium) and payoff dominance as equilibrium selection criteria; (2) new experimental evidence which suggests the existence of a payoff dominated risk dominant equilibrium is a necessary (but not sufficient) condition for coordination failure and the existence of a tradeoff between risk dominance and payoff dominance; and (3) new experimental evidence which links risk dominance and payoff dominance to the speed of convergence to equilibrium.},
	pages = {339--363},
	number = {4},
	journaltitle = {The Quarterly Review of Economics and Finance},
	shortjournal = {The Quarterly Review of Economics and Finance},
	author = {Straub, Paul G.},
	urldate = {2017-05-15},
	date = {1995-12-01},
	file = {ScienceDirect Snapshot:/home/dphilmai/.mozilla/firefox/aysjcg8f.default/zotero/storage/QKKFZ8TE/1062976995900489.html:text/html}
}

@article{cooper_selection_1990-1,
	title = {Selection criteria in coordination games: Some experimental results},
	volume = {80},
	url = {http://www.jstor.org/stable/2006744},
	shorttitle = {Selection criteria in coordination games},
	pages = {218--233},
	number = {1},
	journaltitle = {The American Economic Review},
	author = {Cooper, Russell W. and {DeJong}, Douglas V. and Forsythe, Robert and Ross, Thomas W.},
	urldate = {2017-05-15},
	date = {1990},
	file = {[PDF] researchgate.net:/home/dphilmai/.mozilla/firefox/aysjcg8f.default/zotero/storage/FFEQ8KZJ/Cooper et al. - 1990 - Selection criteria in coordination games Some exp.pdf:application/pdf;Snapshot:/home/dphilmai/.mozilla/firefox/aysjcg8f.default/zotero/storage/HWMQ4MH7/2006744.html:text/html}
}

@online{_dict.cc_????,
	title = {dict.cc {\textbar} einheitlich {\textbar} WÃ¶rterbuch Englisch-Deutsch},
	url = {http://www.dict.cc/?s=einheitlich},
	urldate = {2017-05-15},
	file = {dict.cc | einheitlich | WÃ¶rterbuch Englisch-Deutsch:/home/dphilmai/.mozilla/firefox/aysjcg8f.default/zotero/storage/SUN4NNSG/www.dict.cc.html:text/html}
}

@online{collery_libguides:_????,
	title = {{LibGuides}: Academic Integrity - Referencing, Citation \& Avoiding Plagiarism: Harvard Style Guide},
	rights = {Copyright {UCD} Library 2017},
	url = {http://libguides.ucd.ie/academicintegrity/harvardstyle},
	shorttitle = {{LibGuides}},
	abstract = {This guide explains what referencing and citation is and how to use the {APA}, Chicago, Harvard, {MLA} and Vancouver Styles. It includes a short interactive tutorial on each style.},
	author = {Collery, Jenny},
	urldate = {2017-05-16},
	langid = {english},
	file = {Snapshot:/home/dphilmai/.mozilla/firefox/aysjcg8f.default/zotero/storage/NP97QNCD/harvardstyle.html:text/html}
}

@article{dubois_optimization_2008-1,
	title = {Optimization incentive and relative riskiness in experimental coordination games},
	url = {http://www.academia.edu/download/37015204/Optimization_incentive_and_relative_riskiness_in_experimental_coordination_games_DEPOCENWP.pdf},
	author = {Dubois, D. and Willinger, M. and Van, P. Nguyen},
	urldate = {2017-05-17},
	date = {2008}
}
