
@article{selten_evolution_1991,
	title = {Evolution, learning, and economic behavior},
	volume = {3},
	url = {http://www.sciencedirect.com/science/article/pii/089982569190003W},
	pages = {3--24},
	number = {1},
	journaltitle = {Games and Economic Behavior},
	author = {Selten, Reinhard},
	urldate = {2017-03-23},
	date = {1991},
}

@book{sandholm,
	title = {Population games and evolutionary dynamics},
	publisher = {{MIT} press},
	author = {Sandholm, William H.},
	urldate = {2017-03-23},
	date = {2010},
}

@book{hofbauer_evolutionary_1998,
	title = {Evolutionary games and population dynamics},
	publisher = {Cambridge university press},
	author = {Hofbauer, Josef and Sigmund, Karl},
	urldate = {2017-03-23},
	date = {1998},
}

@article{van_damme_evolutionary_1994,
	title = {Evolutionary game theory},
	volume = {38},
	pages = {847--858},
	number = {3},
	journaltitle = {European Economic Review},
	author = {Van Damme, Eric},
	urldate = {2017-04-30},
	date = {1994},
}

@article{kandori_evolution_1995,
	title = {Evolution of equilibria in the long run: A general theory and applications},
	volume = {65},
	shorttitle = {Evolution of equilibria in the long run},
	pages = {383--414},
	number = {2},
	journaltitle = {Journal of Economic Theory},
	author = {Kandori, Michihiro and Rob, Rafael},
	urldate = {2017-04-30},
	date = {1995},
}

@article{ellison_learning_1997,
	title = {Learning from personal experience: One rational guy and the justification of myopia},
	volume = {19},
	shorttitle = {Learning from personal experience},
	pages = {180--210},
	number = {2},
	journaltitle = {Games and Economic Behavior},
	author = {Ellison, Glenn},
	urldate = {2017-04-30},
	date = {1997},
}

@article{schlag_why_1998,
	title = {Why imitate, and if so, how?: A boundedly rational approach to multi-armed bandits},
	volume = {78},
	url = {http://www.sciencedirect.com/science/article/pii/S0022053197923474},
	pages = {130--156},
	number = {1},
	journaltitle = {Journal of economic theory},
	author = {Schlag, Karl H.},
	urldate = {2017-04-30},
	date = {1998},
}

@article{matsui_cheap-talk_1991,
	title = {Cheap-talk and cooperation in a society},
	volume = {54},
	pages = {245--258},
	number = {2},
	journaltitle = {Journal of Economic Theory},
	author = {Matsui, Akihiko},
	urldate = {2017-04-30},
	date = {1991},
}

@book{weibull,
	title = {Evolutionary game theory},
	publisher = {{MIT} press},
	author = {Weibull, JÃ¶rgen W.},
	date = {1997},
}
